@article{human2012structure,
  title={Structure, function and diversity of the healthy human microbiome},
  author={Human Microbiome Project Consortium and others},
  journal={Nature},
  volume={486},
  number={7402},
  pages={207--214},
  year={2012},
  publisher={Nature Research}
}

@article{dethlefsen2011incomplete,
  title={Incomplete recovery and individualized responses of the human distal gut microbiota to repeated antibiotic perturbation},
  author={Dethlefsen, Les and Relman, David A},
  journal={Proceedings of the National Academy of Sciences},
  volume={108},
  number={Supplement 1},
  pages={4554--4561},
  year={2011},
  publisher={National Acad Sciences}
}

@article{shafiei2015biomico,
  title={BioMiCo: a supervised Bayesian model for inference of microbial community structure},
  author={Shafiei, Mahdi and Dunn, Katherine A and Boon, Eva and MacDonald, Shelley M and Walsh, David A and Gu, Hong and Bielawski, Joseph P},
  journal={Microbiome},
  volume={3},
  number={1},
  pages={8},
  year={2015},
  publisher={BioMed Central}
}

@article{chen2012estimating,
  title={Estimating functional groups in human gut microbiome with probabilistic topic models},
  author={Chen, Xin and He, TingTing and Hu, Xiaohua and Zhou, Yanhong and An, Yuan and Wu, Xindong},
  journal={IEEE transactions on nanobioscience},
  volume={11},
  number={3},
  pages={203--215},
  year={2012},
  publisher={IEEE}
}

@article{holmes2012dirichlet,
  title={Dirichlet multinomial mixtures: generative models for microbial metagenomics},
  author={Holmes, Ian and Harris, Keith and Quince, Christopher},
  journal={PloS one},
  volume={7},
  number={2},
  pages={e30126},
  year={2012},
  publisher={Public Library of Science}
}

@article{chen2013variable,
  title={Variable selection for sparse dirichlet-multinomial regression with an application to microbiome data analysis},
  author={Chen, Jun and Li, Hongzhe},
  journal={The annals of applied statistics},
  volume={7},
  number={1},
  year={2013},
  publisher={NIH Public Access}
}

@inproceedings{blei2006dynamic,
  title={Dynamic topic models},
  author={Blei, David M and Lafferty, John D},
  booktitle={Proceedings of the 23rd international conference on Machine learning},
  pages={113--120},
  year={2006},
  organization={ACM}
}

@article{wang2013nonnegative,
  title={Nonnegative matrix factorization: A comprehensive review},
  author={Wang, Yu-Xiong and Zhang, Yu-Jin},
  journal={IEEE Transactions on Knowledge and Data Engineering},
  volume={25},
  number={6},
  pages={1336--1353},
  year={2013},
  publisher={IEEE}
}

@article{berry2007algorithms,
  title={Algorithms and applications for approximate nonnegative matrix factorization},
  author={Berry, Michael W and Browne, Murray and Langville, Amy N and Pauca, V Paul and Plemmons, Robert J},
  journal={Computational statistics \& data analysis},
  volume={52},
  number={1},
  pages={155--173},
  year={2007},
  publisher={Elsevier}
}

@inproceedings{lee2001algorithms,
  title={Algorithms for non-negative matrix factorization},
  author={Lee, Daniel D and Seung, H Sebastian},
  booktitle={Advances in neural information processing systems},
  pages={556--562},
  year={2001}
}

@inproceedings{kucukelbir2015automatic,
  title={Automatic variational inference in Stan},
  author={Kucukelbir, Alp and Ranganath, Rajesh and Gelman, Andrew and Blei, David},
  booktitle={Advances in neural information processing systems},
  pages={568--576},
  year={2015}
}

@inproceedings{canny2004gap,
  title={GaP: a factor model for discrete data},
  author={Canny, John},
  booktitle={Proceedings of the 27th annual international ACM SIGIR conference on Research and development in information retrieval},
  pages={122--129},
  year={2004},
  organization={ACM}
}

@article{rubin1984bayesianly,
  title={Bayesianly justifiable and relevant frequency calculations for the applied statistician},
  author={Rubin, Donald B and others},
  journal={The Annals of Statistics},
  volume={12},
  number={4},
  pages={1151--1172},
  year={1984},
  publisher={Institute of Mathematical Statistics}
}

@article{gelman2013philosophy,
  title={Philosophy and the practice of Bayesian statistics},
  author={Gelman, Andrew and Shalizi, Cosma Rohilla},
  journal={British Journal of Mathematical and Statistical Psychology},
  volume={66},
  number={1},
  pages={8--38},
  year={2013},
  publisher={Wiley Online Library}
}